@Misc{lua,
      author  =  "lua teste"}

@Misc{cmake,
      author  =  "cmake teste2"}

@Misc{boost,
      author  =  "boost teste3"}